@ARTICLE{5888501,
  author={Kenney, John B.},
  journal={Proceedings of the IEEE}, 
  title={Dedicated Short-Range Communications (DSRC) Standards in the United States}, 
  year={2011},
  pages={1162-1182},

}

@ARTICLE{4346439,
  author={Cheng, Lin and Henty, Benjamin E. and Stancil, Daniel D. and Bai, Fan and Mudalige, Priyantha},
  journal={IEEE Journal on Selected Areas in Communications}, 
  title={Mobile Vehicle-to-Vehicle Narrow-Band Channel Measurement and Characterization of the 5.9 GHz Dedicated Short Range Communication (DSRC) Frequency Band}, 
  year={2007},
  pages={1501-1516},
}

@INPROCEEDINGS{6629559,
  author={Wei, Junqing and Snider, Jarrod M. and Kim, Junsung and Dolan, John M. and Rajkumar, Raj and Litkouhi, Bakhtiar},
  booktitle={2013 IEEE Intelligent Vehicles Symposium (IV)}, 
  title={Towards a viable autonomous driving research platform}, 
  year={2013},
  pages={763-770},
}


@inproceedings{10.1145/3055004.3055028,
  author    = {Shunsuke Aoki and
               Ragunathan Rajkumar},
    title     = {A merging protocol for self-driving vehicles},
  booktitle = {{ICCPS} 2017},
  pages     = {219--228},
  year      = {2017},
  }

@book{Clavel2007LNCS,
 editor = "Manuel Clavel and Francisco Dur\'{a}n and
           Steven Eker and Patrick Lincoln and
           Narciso Mart\'{i}-Oliet and Jos\'{e} Meseguer and
           Carolyn Talcott",
  title     = {All About Maude},
  series    = {LNCS},
  volume    = {4350},
  publisher = {Springer},
  year      = {2007},
  doi       = {10.1007/978-3-540-71999-1},
  isbn      = {978-3-540-71940-3},
}

@inproceedings{DBLP:conf/seke/AungP019,
  author    = {Moe Nandi Aung and
               Yati Phyo and
               Kazuhiro Ogata},
  title     = {Formal Specification and Model Checking of the {Lim-Jeong-Park-Lee}
               Autonomous Vehicle Intersection Control Protocol},
  booktitle = {SEKE 2019},
  pages     = {159--208},
  year      = {2019},
  doi       = {10.18293/SEKE2019-021},
}

@article{LimJongBeom2018Aedm,
  author    = {JongBeom Lim and
               Young{-}Sik Jeong and
               Doo{-}Soon Park and
               HwaMin Lee},
  title     = {An efficient distributed mutual exclusion algorithm for intersection
               traffic control},
  journal   = {J. Supercomput.},
  volume    = {74},
  number    = {3},
  pages     = {1090--1107},
  year      = {2018},
  doi       = {10.1007/s11227-016-1799-3},
}

